@inproceedings{calders2007efficient,
  title={Efficient {AUC} optimization for classification},
  author={Calders, Toon and Jaroszewicz, Szymon},
  booktitle={European Conference on Principles of Data Mining and Knowledge Discovery},
  pages={42--53},
  year={2007},
  organization={Springer}
}
@Book{Hastie2009,
  author = 	 {Trevor Hastie and Robert Tibshirani and Jerome Friedman},
  title = 	 {The elements of statistical learning},
  publisher = 	 {Springer},
  year = 	 2009,
  series = 	 {Springer Series in Statistics},
  address = 	 {Springer Science+Business Media, LLC, 233 Spring Street, New York NY 10013, USA},
  edition = 	 {Second}}

@unpublished{yuan2020auc,
  title={Robust Deep AUC Maximization: A New Surrogate Loss and Empirical Studies on Medical Image Classification},
  author={Yuan, Zhuoning and Yan, Yan and Sonka, Milan and Yang, Tianbao},
  note={Preprint arXiv:2012.03173},
  year={2020}
}

@unpublished{barnwal2021aftxgboost,
  title={Survival regression with accelerated failure time model in XGBoost},
  author={Barnwal, A and Cho, H and Hocking, TD},
  note={Preprint arXiv:2006.04920},
  year={2020}
}



@unpublished{yuan2021federated,
  title={Federated Deep AUC Maximization for Heterogeneous Datawith a Constant Communication Complexity},
  author={Yuan, Zhuoning and Guo, Zhishuai and Xu, Yi and and Ying, Yiming Yang, Tianbao},
  note={Preprint arXiv:2102.04635},
  year={2021}
}



@misc{asuncion2007uci,
  title={{UCI} machine learning repository},
  author={Asuncion, Arthur and Newman, David},
  year={2007},
  publisher={Irvine, CA, USA}
}


@article{Han2010,
title = {{AUC} maximization linear classifier based on active learning and its application},
journal = "Neurocomputing",
volume = "73",
number = "7",
pages = "1272 - 1280",
year = "2010",
note = "Advances in Computational Intelligence and Learning",
issn = "0925-2312",
author = "Guang Han and Chunxia Zhao",
keywords = "Obstacle detection, Active learning, AUC maximization, Linear classifier, Dynamic clustering, Gradient descent method"
}

@unpublished{Vargovich2020arxiv,
author = {TD Hocking and J Vargovich},
title = {Linear time dynamic programming for the exact path of optimal models selected from a finite set},
year = 2020,
note = {arXiv:2003.02808}
}


@unpublished{Runge2020,
  author = {Runge V and Hocking TD and Romano G and Afghah F and
                  Fearnhead P and Rigaill G},
  title = {{gfpop: an R Package for Univariate Graph-Constrained Change-point
  Detection}},
  year = 2020,
  note = {arXiv:2002.03646}
}

@inproceedings{joachims2005multivariate,
  title={A support vector method for multivariate performance measures},
  author={Joachims, Thorsten},
  booktitle={Proceedings of the 22nd international conference on Machine learning},
  pages={377--384},
  year={2005}
}

@inproceedings{Hocking2020,
  title={{Machine Learning Algorithms for Simultaneous Supervised Detection of Peaks in Multiple Samples and Cell Types}},
  author={Toby Dylan Hocking and Guillaume Bourque},
  booktitle={Proc. Pacific Symposium on Biocomputing},
  volume = 25,
  pages = {367--378},
  year={2020}
}

@inproceedings{yan2003optimizing,
  title={Optimizing classifier performance via an approximation to the {Wilcoxon-Mann-Whitney} statistic},
  author={Yan, Lian and Dodier, Robert H and Mozer, Michael and Wolniewicz, Richard H},
  booktitle={Proceedings of the 20th international conference on machine learning (icml-03)},
  pages={848--855},
  year={2003}
}

@inproceedings{herschtal2006area,
  title={Area under {ROC} optimisation using a ramp approximation},
  author={Herschtal, Alan and Raskutti, Bhavani and Campbell, Peter K},
  booktitle={Proceedings of the 2006 SIAM International Conference on Data Mining},
  pages={1--11},
  year={2006},
  organization={SIAM}
}

@inproceedings{herschtal2004optimising,
  title={Optimising area under the {ROC} curve using gradient descent},
  author={Herschtal, Alan and Raskutti, Bhavani},
  booktitle={Proceedings of the twenty-first international conference on Machine learning},
  pages={49},
  year={2004}
}

@inproceedings{rakotomamonjy2004optimizing,
  title={Optimizing Area Under {ROC} Curve with {SVMs}},
  author={Rakotomamonjy, Alain},
  booktitle={ROCAI},
  pages={71--80},
  year={2004}
}


@inproceedings{ferri2002learning,
  title={Learning decision trees using the area under the {ROC} curve},
  author={Ferri, C{\'e}sar and Flach, Peter and Hern{\'a}ndez-Orallo, Jos{\'e}},
  booktitle={ICML},
  volume={2},
  pages={139--146},
  year={2002}
}

@inproceedings{castro2008optimization,
  title={Optimization of the area under the {ROC} curve},
  author={Castro, Cristiano Leite and Braga, Antonio Padua},
  booktitle={2008 10th Brazilian Symposium on Neural Networks},
  pages={141--146},
  year={2008},
  organization={IEEE}
}

@inproceedings{Hocking2020psb,
  title={{Machine Learning Algorithms for Simultaneous Supervised Detection of Peaks in Multiple Samples and Cell Types}},
  author={Toby Dylan Hocking and Guillaume Bourque},
  booktitle={Proc. Pacific Symposium on Biocomputing},
  volume = 25,
  pages = {367--378},
  year={2020}
}

@article{Hocking2020jmlr,
  author  = {Toby Dylan Hocking and Guillem Rigaill and Paul Fearnhead and Guillaume Bourque},
  title   = {{Constrained Dynamic Programming and Supervised Penalty Learning Algorithms for Peak Detection in Genomic Data}},
  journal = {Journal of Machine Learning Research},
  year    = {2020},
  volume  = {21},
  number  = {87},
  pages   = {1--40}
}


@article{Hocking2019,
  author = {Toby Dylan Hocking},
  title = {{Comparing namedCapture with other R packages for regular
          expressions}},
  year = {2019},
  journal = {{The R Journal}},
  doi = {10.32614/RJ-2019-050},
  url = {https://journal.r-project.org/archive/2019/RJ-2019-050/index.html}
}

@article{Jewell2019,
    author = {Jewell, Sean W and Hocking, Toby Dylan and Fearnhead, Paul and Witten, Daniela M},
    title = "{Fast nonconvex deconvolution of calcium imaging data}",
    journal = {Biostatistics},
    year = {2019},
    month = {02},
    issn = {1465-4644},
}

@unpublished{Hocking2018,
author = {TD Hocking and G Rigaill and P Fearnhead and G Bourque},
title = {{Generalized Functional Pruning Optimal Partitioning (GFPOP) for Constrained Changepoint Detection in Genomic Data}},
year = 2018,
note = {arXiv:1810.00117}
}

@unpublished{Hocking2017arxiv,
author = {TD Hocking and G Rigaill and P Fearnhead and G Bourque},
title = {{A log-linear time algorithm for constrained changepoint detection}},
year = 2017,
note = {arXiv:1703.03352}
}

@book{rockafellar-1970a,
  added-at = {2008-03-02T02:12:02.000+0100},
  address = {Princeton, N. J.},
  author = {Rockafellar, R. Tyrrell},
  biburl = {https://www.bibsonomy.org/bibtex/223aa07ea525f6dd11585fc2037a0daf1/dmartins},
  callnumber = {UniM Maths 516.08 R59},
  description = {robotica-bib},
  interhash = {30830becb0a2c5ebca5946b895d9740a},
  intrahash = {23aa07ea525f6dd11585fc2037a0daf1},
  keywords = {imported},
  notes = {A SRL reference.},
  publisher = {Princeton University Press},
  series = {Princeton Mathematical Series},
  timestamp = {2008-03-02T02:14:11.000+0100},
  title = {Convex analysis},
  year = 1970
}


@article{Hocking2017bioinfo,
    author = {Hocking, Toby Dylan and Goerner-Potvin, Patricia and Morin, Andreanne and Shao, Xiaojian and Pastinen, Tomi and Bourque, Guillaume},
    title = "{Optimizing ChIP-seq peak detectors using visual labels and supervised machine learning}",
    journal = {Bioinformatics},
    volume = {33},
    number = {4},
    pages = {491-499},
    year = {2016},
    month = {11},
    issn = {1367-4803},
}

@article{Liehrmann2021chipseq,
  title={Increased peak detection accuracy in over-dispersed {ChIP-seq} data with supervised segmentation models},
  author={Liehrmann, Arnaud and Rigaill, Guillem and Hocking, Toby Dylan},
  journal={BMC Bioinformatics},
  volume={22},
  number={323},
  year={2021}
}


@incollection{Drouin2017,
title = {Maximum Margin Interval Trees},
author = {Drouin, Alexandre and Hocking, Toby and Laviolette, Francois},
booktitle = {Advances in Neural Information Processing Systems 30},
editor = {I. Guyon and U. V. Luxburg and S. Bengio and H. Wallach and R. Fergus and S. Vishwanathan and R. Garnett},
pages = {4947--4956},
year = {2017},
publisher = {Curran Associates, Inc.}
}

@Article{Maidstone2016,
author="Maidstone, Robert and Hocking, Toby and Rigaill, Guillem and Fearnhead, Paul",
title="On optimal multiple changepoint algorithms for large data",
journal="Statistics and Computing",
year="2016",
pages="1--15",
issn="1573-1375"
}

@inproceedings{Hocking2015,
  title={{PeakSeg: constrained optimal segmentation and supervised
                  penalty learning for peak detection in count data}},
  author={Toby Dylan Hocking and Guillem Rigaill and Guillaume Bourque},
  booktitle={Proc. 32nd ICML},
  pages = {324--332},
  year={2015}
}

@Article{Hocking2014,
  author = 	 {Hocking, TD and Boeva, V and Rigaill, G and Schleiermacher, G and Janoueix-Lerosey, I and Delattre, O and Richer, W and Bourdeaut, F and Suguro, M and Seto, M and Bach, F and Vert, JP},
  title = 	 {SegAnnDB: interactive Web-based genomic segmentation.},
  journal = 	 {Bioinformatics},
  year = 	 2014,
  volume = 	 30,
  number = 	 11,
  pages = 	 {1539--46}}

@inproceedings{Hocking2013icml,
  title={Learning sparse penalties for change-point detection using max margin interval regression},
  author={ Rigaill, Guillem and Hocking, Toby and Vert, Jean-Philippe and Bach, Francis},
  booktitle={Proc. 30th ICML},
  pages={172--180},
  year={2013}
}

@Article{Hocking2013bioinformatics,
  author = 	 {Toby Dylan Hocking and Gudrun Schleiermacher and
                  Isabelle Janoueix-Lerosey and
                  Valentina Boeva and Julie Cappo and 
                  Oliver Delattre and
                  Francis Bach and Jean-Philippe Vert},
  title = 	 {Learning smoothing models of copy number profiles
                  using breakpoint annotations},
  journal = 	 {BMC Bioinformatics},
  year = 	 2013,
  volume = 	 14,
  number = 	 164,
  month = 	 {May}}
  
@inproceedings{zhao2011online,
  title={Online {AUC} maximization},
  author={Zhao, Peilin and Hoi, Steven CH and Jin, Rong and Yang, Tianbo},
  year={2011},
  booktitle={28th international conference on machine learning}
}

@article{cortes2004auc,
  title={{AUC} optimization vs. error rate minimization},
  author={Cortes, Corinna and Mohri, Mehryar},
  journal={Advances in neural information processing systems},
  volume={16},
  number={16},
  pages={313--320},
  year={2004},
  publisher={MIT Press}
}

@article{wang2015optimizing,
  title={Optimizing area under the ROC curve using semi-supervised learning},
  author={Wang, Shijun and Li, Diana and Petrick, Nicholas and Sahiner, Berkman and Linguraru, Marius George and Summers, Ronald M},
  journal={Pattern recognition},
  volume={48},
  number={1},
  pages={276--287},
  year={2015},
  publisher={Elsevier}
}